@book{cle_reference,
    author = {Nom, Prénom},
    title = {Titre du livre},
    year = {2023},
    publisher = {Éditeur}
}

@article{article_exemple,
    author = {Auteur, A. and Auteur, B.},
    title = {Titre de l'article},
    journal = {Nom du journal},
    year = {2022},
    volume = {12},
    pages = {45--67}
}
